 @inbook{Gonzalez-AbrilV21,
 series={Lecture Notes in Computer Science},
 title={{C}ausal-Consistent Reversible Debugging: Improving {CauDEr}},
 volume={12548}, ISBN={978-3-030-67437-3},
 url={http://link.springer.com/10.1007/978-3-030-67438-0_9},
 DOI={10.1007/978-3-030-67438-0_9},
 booktitle={Practical Aspects of Declarative Languages},
 publisher={Springer International Publishing},
 author={Gonz\'alez-Abril, Juan Jos\'e and Vidal, Germ\'an},
 year={2021},
 pages={145–160},
 collection={Lecture Notes in Computer Science} }


@article{LaneseNPV18,
  author    = {Ivan Lanese and
               Naoki Nishida and
               Adri{\'{a}}n Palacios and
               Germ{\'{a}}n Vidal},
  title     = {A theory of reversibility for {E}rlang},
  journal   = {J. Log. Algebraic Methods Program.},
  volume    = {100},
  pages     = {71--97},
  year      = {2018},
  url       = {https://doi.org/10.1016/j.jlamp.2018.06.004},
  doi       = {10.1016/j.jlamp.2018.06.004},
  timestamp = {Sat, 22 Feb 2020 19:18:08 +0100},
  biburl    = {https://dblp.org/rec/journals/jlp/LaneseNPV18.bib},
  bibsource = {dblp computer science bibliography, https://dblp.org}
}

@inproceedings{Lanese0PV18,
  author    = {Ivan Lanese and
               Naoki Nishida and
               Adri{\'{a}}n Palacios and
               Germ{\'{a}}n Vidal},
  editor    = {John P. Gallagher and
               Martin Sulzmann},
  title     = {{CauDEr}: {A} Causal-Consistent Reversible Debugger for {E}rlang},
  booktitle = {Functional and Logic Programming - 14th International Symposium, {FLOPS}
               2018, Nagoya, Japan, May 9-11, 2018, Proceedings},
  series    = {Lecture Notes in Computer Science},
  volume    = {10818},
  pages     = {247--263},
  publisher = {Springer},
  year      = {2018},
}


@inproceedings{GiachinoLM14,
  author    = {Elena Giachino and
               Ivan Lanese and
               Claudio Antares Mezzina},
  editor    = {Stefania Gnesi and
               Arend Rensink},
  title     = {Causal-Consistent Reversible Debugging},
  booktitle = {Fundamental Approaches to Software Engineering - 17th International
               Conference, {FASE} 2014, Held as Part of the European Joint Conferences
               on Theory and Practice of Software, {ETAPS} 2014, Grenoble, France,
               April 5-13, 2014, Proceedings},
  series    = {Lecture Notes in Computer Science},
  volume    = {8411},
  pages     = {370--384},
  publisher = {Springer},
  year      = {2014},
  url       = {https://doi.org/10.1007/978-3-642-54804-8\_26},
  doi       = {10.1007/978-3-642-54804-8\_26},
  timestamp = {Tue, 14 May 2019 10:00:54 +0200},
  biburl    = {https://dblp.org/rec/conf/fase/GiachinoLM14.bib},
  bibsource = {dblp computer science bibliography, https://dblp.org}
}

@inproceedings{DanosK04,
  author    = {Vincent Danos and
               Jean Krivine},
  editor    = {Philippa Gardner and
               Nobuko Yoshida},
  title     = {Reversible Communicating Systems},
  booktitle = {{CONCUR} 2004 - Concurrency Theory, 15th International Conference,
               London, UK, August 31 - September 3, 2004, Proceedings},
  series    = {Lecture Notes in Computer Science},
  volume    = {3170},
  pages     = {292--307},
  publisher = {Springer},
  year      = {2004},
  url       = {https://doi.org/10.1007/978-3-540-28644-8\_19},
  doi       = {10.1007/978-3-540-28644-8\_19},
  timestamp = {Fri, 27 Mar 2020 08:51:56 +0100},
  biburl    = {https://dblp.org/rec/conf/concur/DanosK04.bib},
  bibsource = {dblp computer science bibliography, https://dblp.org}
}

@article{LaneseMS16,
  author    = {Ivan Lanese and
               Claudio Antares Mezzina and
               Jean{-}Bernard Stefani},
  title     = {Reversibility in the higher-order {\(\pi\)}-calculus},
  journal   = {Theor. Comput. Sci.},
  volume    = {625},
  pages     = {25--84},
  year      = {2016},
  url       = {https://doi.org/10.1016/j.tcs.2016.02.019},
  doi       = {10.1016/j.tcs.2016.02.019},
  timestamp = {Wed, 17 Feb 2021 22:01:22 +0100},
  biburl    = {https://dblp.org/rec/journals/tcs/LaneseMS16.bib},
  bibsource = {dblp computer science bibliography, https://dblp.org}
}

@article{GiachinoLMT17,
  author    = {Elena Giachino and
               Ivan Lanese and
               Claudio Antares Mezzina and
               Francesco Tiezzi},
  title     = {Causal-consistent rollback in a tuple-based language},
  journal   = {J. Log. Algebraic Methods Program.},
  volume    = {88},
  pages     = {99--120},
  year      = {2017},
  url       = {https://doi.org/10.1016/j.jlamp.2016.09.003},
  doi       = {10.1016/j.jlamp.2016.09.003},
  timestamp = {Thu, 20 May 2021 14:31:18 +0200},
  biburl    = {https://dblp.org/rec/journals/jlp/GiachinoLMT17.bib},
  bibsource = {dblp computer science bibliography, https://dblp.org}
}

@InProceedings{PhilippouP18,
author="Philippou, Anna
and Psara, Kyriaki",
editor="Kari, Jarkko
and Ulidowski, Irek",
title="Reversible Computation in {P}etri Nets",
booktitle="Reversible Computation",
year="2018",
publisher="Springer International Publishing",
address="Cham",
pages="84--101"
}

@article{PhillipsU07,
  author    = {Iain C. C. Phillips and
               Irek Ulidowski},
  title     = {Reversing algebraic process calculi},
  journal   = {J. Log. Algebraic Methods Program.},
  volume    = {73},
  number    = {1-2},
  pages     = {70--96},
  year      = {2007},
}

@inproceedings{CristescuKV13,
  author    = {Ioana Cristescu and
               Jean Krivine and
               Daniele Varacca},
  title     = {A Compositional Semantics for the Reversible $\pi$-Calculus},
  booktitle = {28th Annual {ACM/IEEE} Symposium on Logic in Computer Science, {LICS}
               2013, New Orleans, LA, USA, June 25-28, 2013},
  pages     = {388--397},
  publisher = {{IEEE} Computer Society},
  year      = {2013},
}

@article{MelgrattiMU20,
  author    = {Hern{\'{a}}n C. Melgratti and
               Claudio Antares Mezzina and
               Irek Ulidowski},
  title     = {Reversing Place Transition Nets},
  journal   = {Log. Methods Comput. Sci.},
  volume    = {16},
  number    = {4},
  year      = {2020},
}

@inproceedings{FabbrettiLS21,
  author    = {Giovanni Fabbretti and
               Ivan Lanese and
               Jean{-}Bernard Stefani},
  editor    = {Shigeru Yamashita and
               Tetsuo Yokoyama},
  title     = {Causal-Consistent Debugging of Distributed {E}rlang Programs},
  booktitle = {Reversible Computation - 13th International Conference, {RC} 2021,
               Virtual Event, July 7-8, 2021, Proceedings},
  series    = {Lecture Notes in Computer Science},
  volume    = {12805},
  pages     = {79--95},
  publisher = {Springer},
  year      = {2021},
  url       = {https://doi.org/10.1007/978-3-030-79837-6\_5},
  doi       = {10.1007/978-3-030-79837-6\_5},
  timestamp = {Tue, 13 Jul 2021 13:27:57 +0200},
  biburl    = {https://dblp.org/rec/conf/rc/FabbrettiLS21.bib},
  bibsource = {dblp computer science bibliography, https://dblp.org}
}

@inproceedings{LaneseM20,
  author    = {Ivan Lanese and
               Doriana Medic},
  editor    = {Igor Konnov and
               Laura Kov{\'{a}}cs},
  title     = {A General Approach to Derive Uncontrolled Reversible Semantics},
  booktitle = {31st International Conference on Concurrency Theory, {CONCUR} 2020,
               September 1-4, 2020, Vienna, Austria (Virtual Conference)},
  series    = {LIPIcs},
  volume    = {171},
  pages     = {33:1--33:24},
  publisher = {Schloss Dagstuhl - Leibniz-Zentrum f{\"{u}}r Informatik},
  year      = {2020},
  url       = {https://doi.org/10.4230/LIPIcs.CONCUR.2020.33},
  doi       = {10.4230/LIPIcs.CONCUR.2020.33},
  timestamp = {Thu, 16 Sep 2021 18:08:04 +0200},
  biburl    = {https://dblp.org/rec/conf/concur/LaneseM20.bib},
  bibsource = {dblp computer science bibliography, https://dblp.org}
}

@InProceedings{MeseguerMS96,
author="Meseguer, Jos{\'e}",
editor="Montanari, Ugo
and Sassone, Vladimiro",
title="Rewriting logic as a semantic framework for concurrency: a progress report",
booktitle="CONCUR '96: Concurrency Theory",
year="1996",
publisher="Springer Berlin Heidelberg",
address="Berlin, Heidelberg",
pages="331--372",
isbn="978-3-540-70625-0"
}

@book{maude,
  editor    = {Manuel Clavel and
               Francisco Dur{\'{a}}n and
               Steven Eker and
               Patrick Lincoln and
               Narciso Mart{\'{\i}}{-}Oliet and
               Jos{\'{e}} Meseguer and
               Carolyn L. Talcott},
  title     = {All About Maude - {A} High-Performance Logical Framework, How to Specify,
               Program and Verify Systems in Rewriting Logic},
  series    = {Lecture Notes in Computer Science},
  volume    = {4350},
  publisher = {Springer},
  year      = {2007},
  url       = {https://doi.org/10.1007/978-3-540-71999-1},
  doi       = {10.1007/978-3-540-71999-1},
  isbn      = {978-3-540-71940-3},
  timestamp = {Mon, 28 Jun 2021 11:09:20 +0200},
  biburl    = {https://dblp.org/rec/conf/maude/2007.bib},
  bibsource = {dblp computer science bibliography, https://dblp.org}
}


@article{NeuhauberN07,
title={Abstraction and Model Checking of {C}ore {E}rlang Programs in {M}aude},
volume={176},
ISSN={15710661},
DOI={10.1016/j.entcs.2007.06.013},
number={4},
journal={Electronic Notes in Theoretical Computer Science},
author={Neuhäußer, Martin and Noll, Thomas},
year={2007},
month={Jul},
pages={147–163} }


@misc{erl-maude-repo,
  title = {Automatic Generation of Reversible Semantics in {M}aude},
  howpublished = {\url{https://github.com/gfabbretti8/formalization-in-maude-of-erlang}}

}

@inproceedings{Hewitt73,
author = {Hewitt, Carl and Bishop, Peter and Steiger, Richard},
title = {A Universal Modular ACTOR Formalism for Artificial Intelligence},
year = {1973},
booktitle = {Proceedings of the 3rd International Joint Conference on Artificial Intelligence}
}

@inproceedings{LaneseMS12,
  author    = {Ivan Lanese and
               Claudio Antares Mezzina and
               Jean{-}Bernard Stefani},
  editor    = {Robert Gl{\"{u}}ck and
               Tetsuo Yokoyama},
  title     = {Controlled Reversibility and Compensations},
  booktitle = {Reversible Computation, 4th International Workshop, {RC} 2012, Copenhagen,
               Denmark, July 2-3, 2012. Revised Papers},
  series    = {Lecture Notes in Computer Science},
  volume    = {7581},
  pages     = {233--240},
  publisher = {Springer},
  year      = {2012},
}

@inproceedings{Car01,
  author    = {R. Carlsson},
  title     = {An Introduction to {C}ore {E}rlang},
  booktitle = {Proceedings of the PLI'01 Erlang Workshop},
  year      = {2001},
  note = "Available from \verb$http://www.erlang.se/workshop/carlsson.ps$",
}

